@article{testref1,
  author  = {Shannon, C. E.},
  journal = {The Bell System Technical Journal},
  title   = {A mathematical theory of communication},
  year    = {1948},
  volume  = {27},
  number  = {3},
  pages   = {379--423}
}

@article{testref2,
  author  = {Yang, Chen-Ning and Mills, Robert L},
  journal = {Physical review},
  title   = {Conservation of isotopic spin and isotopic gauge invariance},
  year    = {1954},
  volume  = {96},
  number  = {1},
  pages   = {191--195}
}

@inproceedings{testref3,
  author    = {He, Kaiming and Zhang, Xiangyu and Ren, Shaoqing and Sun, Jian},
  title     = {Deep Residual Learning for Image Recognition},
  booktitle = {Proceedings of the IEEE Conference on Computer Vision and Pattern Recognition (CVPR)},
  month     = {6},
  year      = {2016}
}

@article{testref4,
  author  = {尤肖虎 and  潘志文 and  高西奇 and  曹淑敏 and  邬贺铨},
  journal = {中国科学:信息科学},
  title   = {5G移动通信发展趋势与若干关键技术},
  year    = {2014},
  volume  = {44},
  number  = {05},
  pages   = {551-563}
}

@book{testref5,
  author    = {江民圣},
  title     = {ANSYS Workbench 19.0基础入门与工程实践},
  publisher = {人民邮电出版社},
  year      = {2019}
}
